@article{Mayfield2012b,
author = {Mayfield, Elijah and Adamson, David and Ros\'{e}, Carolyn Penstein},
file = {::},
month = jul,
pages = {60--69},
title = {{Hierarchical conversation structure prediction in multi-party chat}},
url = {http://dl.acm.org/citation.cfm?id=2392800.2392810},
year = {2012}
}
@article{Elsner2008a,
author = {Elsner, M and Charniak, E},
file = {::},
journal = {Proceedings of ACL-08: HLT},
title = {{You talking to me? a corpus and algorithm for conversation disentanglement}},
url = {http://scholar.google.com/scholar?hl=en\&q=eugene+charniak+irc\&btnG=\&as\_sdt=1\%2C5\&as\_sdtp=\#0},
year = {2008}
}
@article{Aumayr2011a,
author = {Aumayr, E and Chan, J and Hayes, C},
file = {::},
journal = {Proceedings of the Fifth International AAAI  \ldots},
title = {{Reconstruction of threaded conversations in online discussion forums}},
url = {http://www.aaai.org/ocs/index.php/ICWSM/ICWSM11/paper/viewPDFInterstitial/2840/3279},
year = {2011}
}
@article{Wang2008a,
author = {Wang, YC and Joshi, M and Cohen, W and Ros\'{e}, C},
file = {::},
journal = {Proceedings of the 2nd  \ldots},
title = {{Recovering implicit thread structure in newsgroup style conversations}},
url = {http://www.aaai.org/Papers/ICWSM/2008/ICWSM08-026.pdf},
year = {2008}
}
@article{Ritter2010a,
author = {Ritter, Alan and Cherry, Colin and Dolan, Bill},
month = jun,
pages = {172--180},
title = {{Unsupervised modeling of Twitter conversations}},
url = {http://dl.acm.org/citation.cfm?id=1857999.1858019},
year = {2010}
}
@article{Germesin2009a,
author = {Germesin, S and Wilson, T},
file = {::},
journal = {\ldots  of the 2009 international conference on  \ldots},
title = {{Agreement detection in multiparty conversation}},
url = {http://dl.acm.org/citation.cfm?id=1647319},
year = {2009}
}
@article{Feng2006a,
author = {Feng, D and Shaw, E and Kim, J and Hovy, E},
journal = {Proceedings of the main conference on \ldots},
title = {{Learning to detect conversation focus of threaded discussions}},
url = {http://dl.acm.org/citation.cfm?id=1220862},
year = {2006}
}
@article{Carvalho2005a,
author = {Carvalho, VR and Cohen, WW},
file = {::},
journal = {\ldots  international ACM SIGIR conference on  \ldots},
title = {{On the collective classification of email speech acts}},
url = {http://dl.acm.org/citation.cfm?id=1076094},
year = {2005}
}
@article{Paula,
author = {Paul, MJ},
file = {::},
journal = {newdesign.aclweb.org},
title = {{Mixed Membership Markov Models for Unsupervised Conversation Modeling}},
url = {http://newdesign.aclweb.org/anthology-new/D/D12/D12-1009.pdf}
}
@article{Mayfield2012a,
author = {Mayfield, Elijah and Adamson, David and Ros\'{e}, Carolyn Penstein},
month = jul,
pages = {60--69},
title = {{Hierarchical conversation structure prediction in multi-party chat}},
url = {http://dl.acm.org/citation.cfm?id=2392800.2392810},
year = {2012}
}
@inproceedings{Wang2011,
 author = {Wang, Hongning and Wang, Chi and Zhai, ChengXiang and Han, Jiawei},
 title = {Learning online discussion structures by conditional random fields},
 booktitle = {Proceedings of the 34th international ACM SIGIR conference on Research and development in Information Retrieval},
 series = {SIGIR '11},
 year = {2011},
 isbn = {978-1-4503-0757-4},
 location = {Beijing, China},
 pages = {435--444},
 numpages = {10},
 url = {http://doi.acm.org/10.1145/2009916.2009976},
 doi = {10.1145/2009916.2009976},
 acmid = {2009976},
 publisher = {ACM},
 address = {New York, NY, USA},
 keywords = {replying relation reconstruction, structure learning, threaded discussion},
} 
